@misc{
unity-ml,
Author = {Arthur Juliani and Vincent-Pierre Berges and Esh Vckay and Yuan Gao and Hunter Henry and Marwan Mattar and Danny Lange},
Title = {Unity: A General Platform for Intelligent Agents},
Year = {2018},
Eprint = {arXiv:1809.02627},
}

@misc{doom-gan,
Author = {Edoardo Giacomello and Pier Luca Lanzi and Daniele Loiacono},
Title = {DOOM Level Generation using Generative Adversarial Networks},
Year = {2018},
Eprint = {arXiv:1804.09154},
}

@misc{mario-gan,
Author = {Vanessa Volz and Jacob Schrum and Jialin Liu and Simon M. Lucas and Adam Smith and Sebastian Risi},
Title = {Evolving Mario Levels in the Latent Space of a Deep Convolutional Generative Adversarial Network},
Year = {2018},
Eprint = {arXiv:1805.00728},
}

@misc{rl-generalization,
Author = {Karl Cobbe and Oleg Klimov and Chris Hesse and Taehoon Kim and John Schulman},
Title = {Quantifying Generalization in Reinforcement Learning},
Year = {2018},
Eprint = {arXiv:1812.02341},
}
@report{malmo,
author = {Johnson M., Hofmann K., Hutton T., Bignell D},
title = { The Malmo Platform for Artificial Intelligence Experimentation. Proc. 25th International Joint Conference on Artificial Intelligence},
address   = { California USA.},
year = {2016},
Pages     = { p.4246.},
Publisher = {AAAI Press},
url       = {http://www.ijcai.org/Proceedings/16/Papers/643.pdf},

}
@inproceedings{vizdoom,
  author    = {Micha{\l} Kempka and Marek Wydmuch and Grzegorz Runc and Jakub Toczek and Wojciech Ja\'skowski},
  title     = {{ViZDoom}: A {D}oom-based {AI} Research Platform for Visual Reinforcement Learning},
  booktitle = {IEEE Conference on Computational Intelligence and Games},
  year      = {2016},
  url       = {http://arxiv.org/abs/1605.02097},
  address   = {Santorini, Greece},
  Month     = {Sep},
  Pages     = {341--348},
  Publisher = {IEEE},
  Note      = {The best paper award}
}

@inproceedings{tensorflow,
  title={TensorFlow: A system for large-scale machine learning},
  author={Mart{\'i}n Abadi and Paul Barham and Jianmin Chen and Zhifeng Chen and Andy Davis and Jeffrey Dean and Matthieu Devin and Sanjay Ghemawat and Geoffrey Irving and Michael Isard and Manjunath Kudlur and Josh Levenberg and Rajat Monga and Sherry Moore and Derek Gordon Murray and Benoit Steiner and Paul A. Tucker and Vijay Vasudevan and Pete Warden and Martin Wicke and Yuan Yu and Xiaoqiang Zhang},
  booktitle={OSDI},
  year={2016}
}
