@report{ref,
Author = {John Doe},
Title = {Alan Smithee},
year = {2016},
Pages     = { p.665.},
Publisher = {OIMO Press},
url       = {http://www},

}
